@inproceedings{Shepherd2013,
  title="Topology Optimization of Algorithmically Generated Space Frames",
  author="Shepherd, P. and Pearson, W.",
  booktitle="Symposium of the International Association for Shell and Spatial Structures (2013. Wroclaw)",
  year=2013,
  note="[Accepted for publication September 2013]"
}